@article{a1,
	author = {Cacciapuoti, Angela Sara and Caleffi, Marcello and Tafuri, F. and Cataliotti, Francesco and Gherardini, Stefano and Bianchi, Giuseppe},
	year = {2018},
	month = {10},
	pages = {},
	title = {Quantum Internet: Networking Challenges in Distributed Quantum Computing}
}
@article{a2,
	author = {Bae, J.-H and Alsing, P. and Ahn, Doyeol and Miller, Warner A.},
	year = {2020},
	month = {09},
	pages = {15651},
	title = {Quantum circuit optimization using quantum Karnaugh map},
	volume = {10},
	journal = {Scientific reports},
	doi = {10.1038/s41598-020-72469-7}
}
@article{a3,
	author = {Thapliyal, Himanshu and Muñoz-Coreas, Edgard and Khalus, Vladislav},
	year = {2020},
	month = {11},
	pages = {100457},
	title = {Quantum circuit designs of carry lookahead adder optimized for T-count T-depth and qubits},
	volume = {29},
	journal = {Sustainable Computing: Informatics and Systems},
	doi = {10.1016/j.suscom.2020.100457}
}
@article{a4,
	author = {Ajagekar, Akshay and You, Fengqi},
	year = {2019},
	month = {05},
	pages = {},
	title = {Quantum computing for energy systems optimization: Challenges and opportunities},
	volume = {179},
	journal = {Energy},
	doi = {10.1016/j.energy.2019.04.186}
}
@article{a5,
	author = {Spiller, Timothy},
	year = {2003},
	month = {01},
	pages = {30-36},
	title = {Quantum information technology},
	volume = {6},
	journal = {Materials Today - MATER TODAY},
	doi = {10.1016/S1369-7021(03)00130-5}
}
@unknown{a6,
	author = {Krenn, Mario and Erhard, Manuel and Zeilinger, Anton},
	year = {2020},
	month = {02},
	pages = {},
	title = {Computer-inspired Quantum Experiments}
}
@article{a7,
	author = {Jacak, Marcin and Jóźwiak, Piotr and Niemczuk, Jakub and Jacak, Janusz},
	year = {2021},
	month = {08},
	pages = {},
	title = {Quantum generators of random numbers},
	volume = {11},
	journal = {Scientific Reports},
	doi = {10.1038/s41598-021-95388-7}
}
@inproceedings{a8,
	author = {Mishra, Arun},
	year = {2022},
	month = {04},
	pages = {1-5},
	title = {Evaluation of Cryptographically Secure Pseudo Random Number Generators for Post Quantum Era},
	doi = {10.1109/I2CT54291.2022.9824543}
}
@article{a9,
	author = {Abd El-Latif, Ahmed and Abd-El-Atty, Bassem and Venegas-Andraca, Salvador},
	year = {2019},
	month = {12},
	pages = {123869},
	title = {Controlled alternate quantum walk-based pseudo-random number generator and its application to quantum color image encryption},
	volume = {547},
	journal = {Physica A: Statistical Mechanics and its Applications},
	doi = {10.1016/j.physa.2019.123869}
}
@article{a10,
	author = {Su, Yining and Wang, Xingyuan},
	year = {2021},
	month = {10},
	pages = {126529},
	title = {A robust visual image encryption scheme based on controlled quantum walks},
	volume = {587},
	journal = {Physica A: Statistical Mechanics and its Applications},
	doi = {10.1016/j.physa.2021.126529}
}
@article{a11,
	author = {Hao, Wentao and Zhang, Tianshuo and Chen, Xianyi and Zhou, Xiaoyi},
	year = {2022},
	month = {12},
	pages = {108890},
	title = {A hybrid NEQR image encryption cryptosystem using two-dimensional quantum walks and quantum coding},
	volume = {205},
	journal = {Signal Processing},
	doi = {10.1016/j.sigpro.2022.108890}
}
@article{a12,
	author = {Abd El-Latif, Ahmed and Abd-El-Atty, Bassem and Venegas-Andraca, Salvador},
	year = {2019},
	month = {12},
	pages = {123869},
	title = {Controlled alternate quantum walk-based pseudo-random number generator and its application to quantum color image encryption},
	volume = {547},
	journal = {Physica A: Statistical Mechanics and its Applications},
	doi = {10.1016/j.physa.2019.123869}
}
@article{a13,
	author = {Abd-El-Atty, Bassem and Iliyasu, Abdullah and Alanezi, Ahmad and Abd El-Latif, Ahmed},
	year = {2021},
	month = {03},
	pages = {106403},
	title = {Optical image encryption based on quantum walks},
	volume = {138},
	journal = {Optics and Lasers in Engineering},
	doi = {10.1016/j.optlaseng.2020.106403}
}
@article{a14,
	author = {Gao, Ya-jun and Xie, Hong-wei and Zhang, Jun and Zhang, Hao},
	year = {2022},
	month = {04},
	pages = {127334},
	title = {A novel quantum image encryption technique based on improved controlled alternated quantum walks and hyperchaotic system},
	volume = {598},
	journal = {Physica A: Statistical Mechanics and its Applications},
	doi = {10.1016/j.physa.2022.127334}
}
@article{a15,
	author = {Kumar, Vaishnavi and Rayappan, John Bosco Balaguru and Amirtharajan, R. and Praveenkumar, Padmapriya},
	year = {2022},
	month = {01},
	pages = {},
	title = {Quantum true random number generation on IBM’s cloud platform},
	volume = {34},
	journal = {Journal of King Saud University - Computer and Information Sciences},
	doi = {10.1016/j.jksuci.2022.01.015}
}
@article{a16,
	author = {Vajapeyam, Sriram},
	year = {2014},
	month = {03},
	pages = {},
	title = {Understanding Shannon's Entropy metric for Information}
}
@article{a17,
	author = {Wang, Yanghua},
	year = {2015},
	month = {01},
	pages = {111-115},
	title = {The Ricker wavelet and the Lambert W function},
	volume = {200},
	journal = {Geophysical Journal International},
	doi = {10.1093/gji/ggu384}
}